
@article{gardner_mathematical_1970,
	title = {Mathematical {Games}},
	volume = {223},
	issn = {0036-8733},
	url = {https://www.scientificamerican.com/article/mathematical-games-1970-10},
	doi = {10.1038/scientificamerican1070-120},
	number = {4},
	urldate = {2024-04-12},
	journal = {Scientific American},
	author = {Gardner, Martin},
	month = oct,
	year = {1970},
	pages = {120--123},
}
